@Book{xie2015,
  title = {Dynamic Documents with {R} and knitr},
  author = {Yihui Xie},
  publisher = {Chapman and Hall/CRC},
  address = {Boca Raton, Florida},
  year = {2015},
  edition = {2nd},
  note = {ISBN 978-1498716963},
  url = {http://yihui.org/knitr/},
}

@book{adler2012modeling,
  title={Modeling the dynamics of life: calculus and probability for life scientists},
  author={Adler, Frederick R},
  year={2012},
  publisher={Cengage Learning}
}

@book{thompson1998calculus,
  title={Calculus made easy},
  author={Thompson, Silvanus P and Gardner, Martin},
  year={1998},
  publisher={Macmillan}
}

@book{bolker2008ecological,
  title={Ecological models and data in {R}},
  author={Bolker, Benjamin M},
  year={2008},
  publisher={Princeton University Press}
}